<?xml version="1.0" encoding="UTF-8"?>
<!DOCTYPE html PUBLIC "-//W3C//DTD XHTML 1.0 Transitional//EN"
    "http://www.w3.org/TR/xhtml1/DTD/xhtml1-transitional.dtd">
<html xmlns="http://www.w3.org/1999/xhtml" xml:lang="en" lang="en">
 <head>
  <title>
</title>
<meta http-equiv="Content-Type" content="text/html;charset=utf-8" />
  <meta name='ocr-system' content='tesseract 3.04.00' />
  <meta name='ocr-capabilities' content='ocr_page ocr_carea ocr_par ocr_line ocrx_word'/>
</head>
<body>
  <div class='ocr_page' id='page_1' title='image "./epistolarumobsc00bcgoog_0295.png"; bbox 0 0 2648 4574; ppageno 0'>
   <div class='ocr_carea' id='block_1_1' title="bbox 201 262 363 385">
    <p class='ocr_par' dir='ltr' id='par_1_1' title="bbox 201 262 363 385">
     <span class='ocr_line' id='line_1_1' title="bbox 201 262 363 385; baseline -0.006 -23"><span class='ocrx_word' id='word_1_1' title='bbox 201 262 363 385; x_wconf 67' lang='grc' dir='ltr'><strong>ιιι</strong></span> 
     </span>
    </p>
   </div>
   <div class='ocr_carea' id='block_1_2' title="bbox 112 463 1287 1211">
    <p class='ocr_par' dir='ltr' id='par_1_2' title="bbox 112 463 1287 1150">
     <span class='ocr_line' id='line_1_2' title="bbox 193 463 1265 550; baseline -0.001 -18"><span class='ocrx_word' id='word_1_2' title='bbox 193 469 292 532; x_wconf 80' lang='lat' dir='ltr'><strong>kern.</strong></span> <span class='ocrx_word' id='word_1_3' title='bbox 308 467 358 531; x_wconf 91' lang='lat' dir='ltr'><strong>ibi</strong></span> <span class='ocrx_word' id='word_1_4' title='bbox 377 465 479 548; x_wconf 88' lang='lat' dir='ltr'><strong>dicit,</strong></span> <span class='ocrx_word' id='word_1_5' title='bbox 501 465 778 549; x_wconf 69' lang='lat' dir='ltr'><strong>quotleitpejus</strong></span> <span class='ocrx_word' id='word_1_6' title='bbox 799 463 949 536; x_wconf 79' lang='lat' dir='ltr'><strong>traditus</strong></span> <span class='ocrx_word' id='word_1_7' title='bbox 970 483 1072 550; x_wconf 79' lang='lat' dir='ltr'><strong>quern</strong></span> <span class='ocrx_word' id='word_1_8' title='bbox 1085 466 1265 548; x_wconf 78' lang='lat' dir='ltr'><strong>Christus,</strong></span> 
     </span>
     <span class='ocr_line' id='line_1_3' title="bbox 112 564 1263 653; baseline -0.001 -20"><span class='ocrx_word' id='word_1_9' title='bbox 112 607 113 616; x_wconf 37' lang='grc' dir='ltr'>ι</span> <span class='ocrx_word' id='word_1_10' title='bbox 195 569 275 633; x_wconf 84' lang='lat' dir='ltr'><strong>vult</strong></span> <span class='ocrx_word' id='word_1_11' title='bbox 299 567 508 653; x_wconf 72' lang='lat' dir='ltr'><strong>intelligere,</strong></span> <span class='ocrx_word' id='word_1_12' title='bbox 534 566 626 648; x_wconf 86' lang='lat' dir='ltr'><strong>quod</strong></span> <span class='ocrx_word' id='word_1_13' title='bbox 649 565 819 628; x_wconf 84' lang='lat' dir='ltr'><strong>Reuchliu</strong></span> <span class='ocrx_word' id='word_1_14' title='bbox 841 564 989 628; x_wconf 83' lang='lat' dir='ltr'><strong>tradidit</strong></span> <span class='ocrx_word' id='word_1_15' title='bbox 1010 585 1088 628; x_wconf 88' lang='lat' dir='ltr'><strong>eum</strong></span> <span class='ocrx_word' id='word_1_16' title='bbox 1107 567 1263 634; x_wconf 80' lang='lat' dir='ltr'><strong>Caesari.</strong></span> 
     </span>
     <span class='ocr_line' id='line_1_4' title="bbox 195 662 1287 736; baseline -0.002 -6"><span class='ocrx_word' id='word_1_17' title='bbox 195 667 265 736; x_wconf 80' lang='lat' dir='ltr'><strong>Sed</strong></span> <span class='ocrx_word' id='word_1_18' title='bbox 285 667 445 731; x_wconf 85' lang='lat' dir='ltr'><strong>Christus</strong></span> <span class='ocrx_word' id='word_1_19' title='bbox 467 674 600 728; x_wconf 84' lang='lat' dir='ltr'><strong>tautum</strong></span> <span class='ocrx_word' id='word_1_20' title='bbox 618 665 687 726; x_wconf 81' lang='lat' dir='ltr'><strong>fuit</strong></span> <span class='ocrx_word' id='word_1_21' title='bbox 706 662 857 727; x_wconf 87' lang='lat' dir='ltr'><strong>traditus</strong></span> <span class='ocrx_word' id='word_1_22' title='bbox 879 664 1012 728; x_wconf 83' lang='lat' dir='ltr'><strong>Scribis</strong></span> <span class='ocrx_word' id='word_1_23' title='bbox 1033 674 1070 728; x_wconf 90' lang='lat' dir='ltr'><strong>et</strong></span> <span class='ocrx_word' id='word_1_24' title='bbox 1090 665 1264 729; x_wconf 84' lang='lat' dir='ltr'><strong>Sacerdo·</strong></span> <span class='ocrx_word' id='word_1_25' title='bbox 1285 703 1287 708; x_wconf 94' lang='lat'>·</span> 
     </span>
     <span class='ocr_line' id='line_1_5' title="bbox 196 762 1265 848; baseline -0.002 -19"><span class='ocrx_word' id='word_1_26' title='bbox 196 767 289 829; x_wconf 87' lang='lat' dir='ltr'><strong>tibus</strong></span> <span class='ocrx_word' id='word_1_27' title='bbox 308 767 369 848; x_wconf 86' lang='lat' dir='ltr'><strong>qui</strong></span> <span class='ocrx_word' id='word_1_28' title='bbox 390 771 472 827; x_wconf 86' lang='lat' dir='ltr'><strong>eunt</strong></span> <span class='ocrx_word' id='word_1_29' title='bbox 496 765 649 826; x_wconf 83' lang='lat' dir='ltr'><strong>minores</strong></span> <span class='ocrx_word' id='word_1_30' title='bbox 673 781 776 844; x_wconf 83' lang='lat' dir='ltr'><strong>quam</strong></span> <span class='ocrx_word' id='word_1_31' title='bbox 797 762 950 844; x_wconf 81' lang='lat' dir='ltr'><strong>Caesar..</strong></span> <span class='ocrx_word' id='word_1_32' title='bbox 976 765 1020 826; x_wconf 89' lang='lat' dir='ltr'><strong>Et</strong></span> <span class='ocrx_word' id='word_1_33' title='bbox 1040 767 1091 828; x_wconf 85' lang='lat' dir='ltr'><strong>eie</strong></span> <span class='ocrx_word' id='word_1_34' title='bbox 1117 765 1265 828; x_wconf 80' lang='lat' dir='ltr'><strong>videtur</strong></span> 
     </span>
     <span class='ocr_line' id='line_1_6' title="bbox 195 859 1269 947; baseline -0.001 -20"><span class='ocrx_word' id='word_1_35' title='bbox 195 873 274 933; x_wconf 77' lang='lat' dir='ltr'><strong>esse·</strong></span> <span class='ocrx_word' id='word_1_36' title='bbox 289 865 401 947; x_wconf 81' lang='lat' dir='ltr'><strong>pejus,</strong></span> <span class='ocrx_word' id='word_1_37' title='bbox 435 861 473 926; x_wconf 88' lang='lat' dir='ltr'><strong>id</strong></span> <span class='ocrx_word' id='word_1_38' title='bbox 501 872 564 934; x_wconf 55' lang='lat' dir='ltr'><strong>est:</strong></span> <span class='ocrx_word' id='word_1_39' title='bbox 581 859 789 940; x_wconf 75' lang='lat' dir='ltr'><strong>terribilius,</strong></span> <span class='ocrx_word' id='word_1_40' title='bbox 830 859 923 943; x_wconf 87' lang='lat' dir='ltr'><strong>quod</strong></span> <span class='ocrx_word' id='word_1_41' title='bbox 952 860 1077 946; x_wconf 82' lang='lat' dir='ltr'><strong>aliquis</strong></span> <span class='ocrx_word' id='word_1_42' title='bbox 1106 863 1269 926; x_wconf 79' lang='lat' dir='ltr'><strong>traditur</strong></span> 
     </span>
     <span class='ocr_line' id='line_1_7' title="bbox 196 955 1264 1044; baseline 0.003 -19"><span class='ocrx_word' id='word_1_43' title='bbox 196 961 337 1044; x_wconf 78' lang='lat' dir='ltr'><strong>(laesuri</strong></span> <span class='ocrx_word' id='word_1_44' title='bbox 361 981 460 1044; x_wconf 86' lang='lat' dir='ltr'><strong>quam</strong></span> <span class='ocrx_word' id='word_1_45' title='bbox 473 959 735 1040; x_wconf 72' lang='lat' dir='ltr'><strong>Sacerdotibus,</strong></span> <span class='ocrx_word' id='word_1_46' title='bbox 758 970 795 1023; x_wconf 90' lang='lat' dir='ltr'><strong>et</strong></span> <span class='ocrx_word' id='word_1_47' title='bbox 808 959 941 1026; x_wconf 81' lang='lat' dir='ltr'><strong>Scribis</strong></span> <span class='ocrx_word' id='word_1_48' title='bbox 961 961 1023 1043; x_wconf 83' lang='lat' dir='ltr'><strong>qui</strong></span> <span class='ocrx_word' id='word_1_49' title='bbox 1041 982 1111 1024; x_wconf 87' lang='lat' dir='ltr'><strong>non</strong></span> <span class='ocrx_word' id='word_1_50' title='bbox 1133 955 1264 1028; x_wconf 82' lang='lat' dir='ltr'><strong>liabent</strong></span> 
     </span>
     <span class='ocr_line' id='line_1_8' title="bbox 195 1063 669 1211; baseline -0.009 -87"><span class='ocrx_word' id='word_1_51' title='bbox 195 1063 250 1150; x_wconf 70' lang='lat' dir='ltr'><strong>ita</strong></span> <span class='ocrx_word' id='word_1_52' title='bbox 270 1079 426 1184; x_wconf 62' lang='lat' dir='ltr'><strong>magnam</strong></span> <span class='ocrx_word' id='word_1_53' title='bbox 450 1068 669 1211; x_wconf 81' lang='lat' dir='ltr'><strong>potestatem.</strong></span> 
     </span>
    </p>
   </div>
   <div class='ocr_carea' id='block_1_3' title="bbox 463 1208 902 1319">
    <p class='ocr_par' dir='ltr' id='par_1_3' title="bbox 463 1208 902 1319">
     <span class='ocr_line' id='line_1_9' title="bbox 463 1208 902 1319; baseline -0.002 -10"><span class='ocrx_word' id='word_1_54' title='bbox 463 1311 465 1319; x_wconf 70' lang='grc'>,</span> <span class='ocrx_word' id='word_1_55' title='bbox 547 1231 676 1308; x_wconf 82' lang='lat' dir='ltr'>Sextus</span> <span class='ocrx_word' id='word_1_56' title='bbox 690 1208 902 1308; x_wconf 77' lang='lat' dir='ltr'><strong>Aruculus</strong></span> 
     </span>
    </p>
   </div>
   <div class='ocr_carea' id='block_1_4' title="bbox 139 1311 1260 1572">
    <p class='ocr_par' dir='ltr' id='par_1_4' title="bbox 139 1311 1260 1542">
     <span class='ocr_line' id='line_1_10' title="bbox 139 1311 1260 1460; baseline -0.009 -31"><span class='ocrx_word' id='word_1_57' title='bbox 139 1347 145 1360; x_wconf 54' lang='lat'>⁸</span> <span class='ocrx_word' id='word_1_58' title='bbox 182 1341 207 1399; x_wconf 17' lang='grc' dir='ltr'><strong>ι’</strong></span> <span class='ocrx_word' id='word_1_59' title='bbox 273 1311 373 1460; x_wconf 81' lang='lat' dir='ltr'><strong>Dicit</strong></span> <span class='ocrx_word' id='word_1_60' title='bbox 392 1361 642 1448; x_wconf 66' lang='lat' dir='ltr'><strong>Deuchliuiste.</strong></span> <span class='ocrx_word' id='word_1_61' title='bbox 682 1359 901 1424; x_wconf 84' lang='lat' dir='ltr'><strong>Pfefferkoru</strong></span> <span class='ocrx_word' id='word_1_62' title='bbox 922 1360 1110 1425; x_wconf 83' lang='lat' dir='ltr'><strong>committit</strong></span> <span class='ocrx_word' id='word_1_63' title='bbox 1130 1359 1260 1422; x_wconf 88' lang='lat' dir='ltr'><strong>iterum</strong></span> 
     </span>
     <span class='ocr_line' id='line_1_11' title="bbox 194 1449 1260 1572; baseline -0.007 -46"><span class='ocrx_word' id='word_1_64' title='bbox 194 1451 325 1526; x_wconf 76' lang='lat' dir='ltr'><strong>crimen</strong></span> <span class='ocrx_word' id='word_1_65' title='bbox 347 1462 458 1525; x_wconf 82' lang='lat' dir='ltr'><strong>laesae</strong></span> <span class='ocrx_word' id='word_1_66' title='bbox 479 1459 688 1572; x_wconf 73' lang='lat' dir='ltr'><strong>Maiestatis,</strong></span> <span class='ocrx_word' id='word_1_67' title='bbox 716 1466 752 1520; x_wconf 89' lang='lat' dir='ltr'><strong>et</strong></span> <span class='ocrx_word' id='word_1_68' title='bbox 772 1449 839 1522; x_wconf 83' lang='lat' dir='ltr'><strong>hoc</strong></span> <span class='ocrx_word' id='word_1_69' title='bbox 862 1458 1117 1538; x_wconf 89' lang='lat' dir='ltr'><strong>multipliciter.</strong></span> <span class='ocrx_word' id='word_1_70' title='bbox 1162 1459 1260 1520; x_wconf 88' lang='lat' dir='ltr'><strong>Dicit</strong></span> 
     </span>
    </p>
   </div>
   <div class='ocr_carea' id='block_1_5' title="bbox 72 1556 1258 1634">
    <p class='ocr_par' dir='ltr' id='par_1_5' title="bbox 72 1556 1258 1634">
     <span class='ocr_line' id='line_1_12' title="bbox 72 1556 1258 1634; baseline -0.008 -8"><span class='ocrx_word' id='word_1_71' title='bbox 72 1607 79 1626; x_wconf 83' lang='grc'><em>,</em></span> <span class='ocrx_word' id='word_1_72' title='bbox 194 1563 285 1622; x_wconf 85' lang='lat' dir='ltr'><strong>enirn</strong></span> <span class='ocrx_word' id='word_1_73' title='bbox 305 1557 391 1620; x_wconf 59' lang='lat' dir='ltr'><strong>Ocu</strong></span> <span class='ocrx_word' id='word_1_74' title='bbox 418 1563 533 1620; x_wconf 79' lang='lat' dir='ltr'><strong>omnes</strong></span> <span class='ocrx_word' id='word_1_75' title='bbox 555 1558 682 1622; x_wconf 77' lang='lat' dir='ltr'><strong>amicos</strong></span> <span class='ocrx_word' id='word_1_76' title='bbox 711 1564 747 1619; x_wconf 91' lang='lat' dir='ltr'><strong>et</strong></span> <span class='ocrx_word' id='word_1_77' title='bbox 770 1557 924 1619; x_wconf 79' lang='lat' dir='ltr'><strong>fautores</strong></span> <span class='ocrx_word' id='word_1_78' title='bbox 938 1556 1051 1624; x_wconf 59' lang='lat' dir='ltr'><strong>lJoan.</strong></span> <span class='ocrx_word' id='word_1_79' title='bbox 1074 1557 1258 1634; x_wconf 87' lang='lat' dir='ltr'><strong>Reuchliu,</strong></span> 
     </span>
    </p>
   </div>
   <div class='ocr_carea' id='block_1_6' title="bbox 110 1653 1259 2131">
    <p class='ocr_par' dir='ltr' id='par_1_6' title="bbox 164 1653 1259 1932">
     <span class='ocr_line' id='line_1_13' title="bbox 164 1653 1258 1740; baseline -0.005 -16"><span class='ocrx_word' id='word_1_80' title='bbox 164 1703 168 1724; x_wconf 85' lang='lat'>.</span> <span class='ocrx_word' id='word_1_81' title='bbox 193 1658 369 1740; x_wconf 77' lang='lat' dir='ltr'><strong>principes</strong></span> <span class='ocrx_word' id='word_1_82' title='bbox 391 1665 427 1718; x_wconf 88' lang='lat' dir='ltr'><strong>et</strong></span> <span class='ocrx_word' id='word_1_83' title='bbox 444 1655 535 1716; x_wconf 78' lang='lat' dir='ltr'><strong>&#39;alios</strong></span> <span class='ocrx_word' id='word_1_84' title='bbox 559 1654 681 1718; x_wconf 84' lang='lat' dir='ltr'><strong>doctos</strong></span> <span class='ocrx_word' id='word_1_85' title='bbox 701 1663 738 1716; x_wconf 87' lang='lat' dir='ltr'><strong>et</strong></span> <span class='ocrx_word' id='word_1_86' title='bbox 759 1653 931 1735; x_wconf 80' lang='lat' dir='ltr'><strong>indoctos,</strong></span> <span class='ocrx_word' id='word_1_87' title='bbox 952 1674 1097 1736; x_wconf 86' lang='lat' dir='ltr'><strong>peccare</strong></span> <span class='ocrx_word' id='word_1_88' title='bbox 1118 1657 1156 1716; x_wconf 90' lang='lat' dir='ltr'><strong>in</strong></span> <span class='ocrx_word' id='word_1_89' title='bbox 1180 1656 1258 1736; x_wconf 89' lang='lat' dir='ltr'><strong>hoc,</strong></span> 
     </span>
     <span class='ocr_line' id='line_1_14' title="bbox 194 1753 1257 1842; baseline -0.004 -24"><span class='ocrx_word' id='word_1_90' title='bbox 194 1754 432 1842; x_wconf 23' lang='lat' dir='ltr'><strong>quoleoanni</strong></span> <span class='ocrx_word' id='word_1_91' title='bbox 452 1753 622 1816; x_wconf 84' lang='lat' dir='ltr'><strong>Reuchliu</strong></span> <span class='ocrx_word' id='word_1_92' title='bbox 644 1755 779 1817; x_wconf 76' lang='lat' dir='ltr'><strong>favente</strong></span> <span class='ocrx_word' id='word_1_93' title='bbox 812 1753 872 1816; x_wconf 89' lang='lat' dir='ltr'><strong>sed</strong></span> <span class='ocrx_word' id='word_1_94' title='bbox 894 1754 980 1818; x_wconf 86' lang='lat' dir='ltr'><strong>tales</strong></span> <span class='ocrx_word' id='word_1_95' title='bbox 1006 1763 1088 1818; x_wconf 88' lang='lat' dir='ltr'><strong>sunt</strong></span> <span class='ocrx_word' id='word_1_96' title='bbox 1111 1755 1148 1814; x_wconf 92' lang='lat' dir='ltr'><strong>in</strong></span> <span class='ocrx_word' id='word_1_97' title='bbox 1173 1755 1257 1816; x_wconf 87' lang='lat' dir='ltr'><strong>Ger-</strong></span> 
     </span>
     <span class='ocr_line' id='line_1_15' title="bbox 194 1848 1259 1932; baseline -0.004 -16"><span class='ocrx_word' id='word_1_98' title='bbox 194 1856 307 1917; x_wconf 80' lang='lat' dir='ltr'><strong>m&#39;anie</strong></span> <span class='ocrx_word' id='word_1_99' title='bbox 331 1855 417 1914; x_wconf 77' lang='lat' dir='ltr'><strong>beue</strong></span> <span class='ocrx_word' id='word_1_100' title='bbox 446 1851 571 1914; x_wconf 89' lang='lat' dir='ltr'><strong>decem·</strong></span> <span class='ocrx_word' id='word_1_101' title='bbox 591 1851 783 1932; x_wconf 73' lang='lat' dir='ltr'><strong>Principes,</strong></span> <span class='ocrx_word' id='word_1_102' title='bbox 818 1860 855 1914; x_wconf 85' lang='lat' dir='ltr'><strong>et</strong></span> <span class='ocrx_word' id='word_1_103' title='bbox 875 1851 1043 1914; x_wconf 86' lang='lat' dir='ltr'><strong>Dominus</strong></span> <span class='ocrx_word' id='word_1_104' title='bbox 1065 1848 1259 1930; x_wconf 82' lang='lat' dir='ltr'><strong>Imperator</strong></span> 
     </span>
    </p>

    <p class='ocr_par' dir='ltr' id='par_1_7' title="bbox 110 1949 1257 2131">
     <span class='ocr_line' id='line_1_16' title="bbox 169 1949 1257 2030; baseline -0.004 -16"><span class='ocrx_word' id='word_1_105' title='bbox 169 1994 171 2002; x_wconf 67' lang='lat'>›</span> <span class='ocrx_word' id='word_1_106' title='bbox 193 1963 276 2030; x_wconf 87' lang='lat' dir='ltr'><strong>met,</strong></span> <span class='ocrx_word' id='word_1_107' title='bbox 293 1983 296 1997; x_wconf 89' lang='lat'><em>·</em></span> <span class='ocrx_word' id='word_1_108' title='bbox 313 1960 349 2014; x_wconf 92' lang='lat' dir='ltr'><strong>et</strong></span> <span class='ocrx_word' id='word_1_109' title='bbox 369 1950 471 2013; x_wconf 88' lang='lat' dir='ltr'><strong>multi</strong></span> <span class='ocrx_word' id='word_1_110' title='bbox 492 1949 691 2014; x_wconf 81' lang='lat' dir='ltr'><strong>Cardinales</strong></span> <span class='ocrx_word' id='word_1_111' title='bbox 719 1959 754 2012; x_wconf 91' lang='lat' dir='ltr'><strong>et</strong></span> <span class='ocrx_word' id='word_1_112' title='bbox 774 1949 938 2030; x_wconf 81' lang='lat' dir='ltr'><strong>Episcopi</strong></span> <span class='ocrx_word' id='word_1_113' title='bbox 956 1949 1093 2029; x_wconf 85' lang='lat' dir='ltr'><strong>Romae,</strong></span> <span class='ocrx_word' id='word_1_114' title='bbox 1125 1959 1164 2011; x_wconf 91' lang='lat' dir='ltr'><strong>et</strong></span> <span class='ocrx_word' id='word_1_115' title='bbox 1186 1953 1257 2030; x_wconf 88' lang='lat' dir='ltr'><strong>ipse</strong></span> 
     </span>
     <span class='ocr_line' id='line_1_17' title="bbox 110 2043 1255 2131; baseline -0.005 -17"><span class='ocrx_word' id='word_1_116' title='bbox 110 2109 118 2114; x_wconf 84' lang='grc'>.</span> <span class='ocrx_word' id='word_1_117' title='bbox 194 2050 429 2113; x_wconf 80' lang='lat' dir='ltr'><strong>sanctissimus</strong></span> <span class='ocrx_word' id='word_1_118' title='bbox 451 2043 619 2110; x_wconf 84' lang='lat' dir='ltr'><strong>Dominus</strong></span> <span class='ocrx_word' id='word_1_119' title='bbox 644 2049 733 2129; x_wconf 85' lang='lat' dir='ltr'><strong>Papa</strong></span> <span class='ocrx_word' id='word_1_120' title='bbox 761 2049 847 2126; x_wconf 86' lang='lat' dir='ltr'><strong>Leo,</strong></span> <span class='ocrx_word' id='word_1_121' title='bbox 878 2046 939 2129; x_wconf 86' lang='lat' dir='ltr'><strong>qui</strong></span> <span class='ocrx_word' id='word_1_122' title='bbox 961 2068 1090 2131; x_wconf 88' lang='lat' dir='ltr'><strong>nuper,</strong></span> <span class='ocrx_word' id='word_1_123' title='bbox 1121 2047 1255 2130; x_wconf 59' lang='lat' dir='ltr'><strong>viando</strong></span> 
     </span>
    </p>
   </div>
   <div class='ocr_carea' id='block_1_7' title="bbox 43 2145 1255 2326">
    <p class='ocr_par' dir='ltr' id='par_1_8' title="bbox 43 2145 1255 2326">
     <span class='ocr_line' id='line_1_18' title="bbox 43 2145 1255 2248; baseline -0.005 -36"><span class='ocrx_word' id='word_1_124' title='bbox 43 2157 46 2166; x_wconf 78' lang='grc'><strong>“</strong></span> <span class='ocrx_word' id='word_1_125' title='bbox 73 2204 77 2222; x_wconf 80' lang='grc'><strong>,</strong></span> <span class='ocrx_word' id='word_1_126' title='bbox 194 2151 292 2248; x_wconf 78' lang='lat' dir='ltr'><strong>legit</strong></span> <span class='ocrx_word' id='word_1_127' title='bbox 306 2147 494 2229; x_wconf 79' lang='lat' dir='ltr'><strong>Dpistolam</strong></span> <span class='ocrx_word' id='word_1_128' title='bbox 522 2146 666 2212; x_wconf 78' lang='lat' dir='ltr'><strong>loannis</strong></span> <span class='ocrx_word' id='word_1_129' title='bbox 690 2145 877 2224; x_wconf 88' lang='lat' dir='ltr'><strong>Reuchlin,</strong></span> <span class='ocrx_word' id='word_1_130' title='bbox 919 2147 1066 2226; x_wconf 80' lang='lat' dir='ltr'><strong>multum</strong></span> <span class='ocrx_word' id='word_1_131' title='bbox 1100 2145 1255 2208; x_wconf 83' lang='lat' dir='ltr'><strong>laudavit</strong></span> 
     </span>
     <span class='ocr_line' id='line_1_19' title="bbox 72 2221 1254 2326; baseline -0.008 -13"><span class='ocrx_word' id='word_1_132' title='bbox 72 2291 74 2303; x_wconf 85' lang='lat'>·</span> <span class='ocrx_word' id='word_1_133' title='bbox 195 2221 297 2312; x_wconf 77' lang='lat' dir='ltr'><strong>taleni</strong></span> <span class='ocrx_word' id='word_1_134' title='bbox 334 2248 462 2324; x_wconf 80' lang='lat' dir='ltr'><strong>virum,</strong></span> <span class='ocrx_word' id='word_1_135' title='bbox 503 2255 539 2308; x_wconf 85' lang='lat' dir='ltr'><strong>et</strong></span> <span class='ocrx_word' id='word_1_136' title='bbox 576 2245 679 2323; x_wconf 82' lang='lat' dir='ltr'><strong>dixit,</strong></span> <span class='ocrx_word' id='word_1_137' title='bbox 722 2242 815 2326; x_wconf 89' lang='lat' dir='ltr'><strong>quod</strong></span> <span class='ocrx_word' id='word_1_138' title='bbox 846 2245 925 2309; x_wconf 85' lang='lat' dir='ltr'><strong>vult</strong></span> <span class='ocrx_word' id='word_1_139' title='bbox 957 2264 1036 2308; x_wconf 88' lang='lat' dir='ltr'><strong>eum</strong></span> <span class='ocrx_word' id='word_1_140' title='bbox 1071 2242 1254 2309; x_wconf 85' lang='lat' dir='ltr'><strong>defendere</strong></span> 
     </span>
    </p>
   </div>
   <div class='ocr_carea' id='block_1_8' title="bbox 194 2341 1323 2721">
    <p class='ocr_par' dir='ltr' id='par_1_9' title="bbox 195 2341 1255 2408">
     <span class='ocr_line' id='line_1_20' title="bbox 195 2341 1255 2408; baseline -0.006 0"><span class='ocrx_word' id='word_1_141' title='bbox 195 2356 318 2408; x_wconf 84' lang='lat' dir='ltr'><strong>contra</strong></span> <span class='ocrx_word' id='word_1_142' title='bbox 347 2363 464 2406; x_wconf 86' lang='lat' dir='ltr'><strong>omnes</strong></span> <span class='ocrx_word' id='word_1_143' title='bbox 484 2345 640 2408; x_wconf 86' lang='lat' dir='ltr'><strong>Fratres:</strong></span> <span class='ocrx_word' id='word_1_144' title='bbox 679 2353 716 2406; x_wconf 89' lang='lat' dir='ltr'><strong>et</strong></span> <span class='ocrx_word' id='word_1_145' title='bbox 739 2343 824 2406; x_wconf 87' lang='lat' dir='ltr'><strong>talia</strong></span> <span class='ocrx_word' id='word_1_146' title='bbox 844 2341 1006 2408; x_wconf 85' lang='lat' dir='ltr'><strong>dixerunt</strong></span> <span class='ocrx_word' id='word_1_147' title='bbox 1028 2341 1255 2404; x_wconf 86' lang='lat' dir='ltr'><strong>Reverendis-</strong></span> 
     </span>
    </p>

    <p class='ocr_par' dir='ltr' id='par_1_10' title="bbox 194 2429 1323 2721">
     <span class='ocr_line' id='line_1_21' title="bbox 194 2429 1323 2530; baseline -0.006 -22"><span class='ocrx_word' id='word_1_148' title='bbox 194 2447 272 2508; x_wconf 86' lang='lat' dir='ltr'><strong>simi</strong></span> <span class='ocrx_word' id='word_1_149' title='bbox 294 2443 552 2510; x_wconf 81' lang='lat' dir='ltr'><strong>GardiualesS.</strong></span> <span class='ocrx_word' id='word_1_150' title='bbox 573 2443 701 2522; x_wconf 86' lang='lat' dir='ltr'><strong>Marci,</strong></span> <span class='ocrx_word' id='word_1_151' title='bbox 721 2441 813 2505; x_wconf 85' lang='lat' dir='ltr'><strong>etS.</strong></span> <span class='ocrx_word' id='word_1_152' title='bbox 830 2442 987 2530; x_wconf 82' lang='lat' dir='ltr'><strong>Georgii,</strong></span> <span class='ocrx_word' id='word_1_153' title='bbox 1009 2440 1100 2504; x_wconf 83' lang='lat' dir='ltr'><strong>etS</strong></span> <span class='ocrx_word' id='word_1_154' title='bbox 1115 2441 1256 2504; x_wconf 81' lang='lat' dir='ltr'><strong>Chriso·</strong></span> <span class='ocrx_word' id='word_1_155' title='bbox 1294 2429 1323 2486; x_wconf 72' lang='grc' dir='ltr'><strong>’ῗ</strong></span> 
     </span>
     <span class='ocr_line' id='line_1_22' title="bbox 194 2531 1323 2629; baseline -0.006 -22"><span class='ocrx_word' id='word_1_156' title='bbox 194 2545 287 2629; x_wconf 78' lang='lat' dir='ltr'><strong>goni,</strong></span> <span class='ocrx_word' id='word_1_157' title='bbox 329 2553 367 2606; x_wconf 90' lang='lat' dir='ltr'><strong>et</strong></span> <span class='ocrx_word' id='word_1_158' title='bbox 396 2544 457 2604; x_wconf 85' lang='lat' dir='ltr'><strong>alii</strong></span> <span class='ocrx_word' id='word_1_159' title='bbox 480 2544 618 2624; x_wconf 69' lang='grc' dir='ltr'>’.01οιοι</span> <span class='ocrx_word' id='word_1_160' title='bbox 679 2539 879 2623; x_wconf 80' lang='lat' dir='ltr'><strong>Respondeo</strong></span> <span class='ocrx_word' id='word_1_161' title='bbox 918 2539 1009 2624; x_wconf 72' lang='lat' dir='ltr'><strong>quod</strong></span> <span class='ocrx_word' id='word_1_162' title='bbox 1038 2537 1256 2618; x_wconf 83' lang='lat' dir='ltr'><strong>Pfefferkorn</strong></span> <span class='ocrx_word' id='word_1_163' title='bbox 1315 2531 1323 2606; x_wconf 73' lang='grc' dir='ltr'><strong>,Ῑ</strong></span> 
     </span>
     <span class='ocr_line' id='line_1_23' title="bbox 195 2636 1323 2721; baseline -0.002 -17"><span class='ocrx_word' id='word_1_164' title='bbox 195 2645 282 2706; x_wconf 88' lang='lat' dir='ltr'><strong>lecit</strong></span> <span class='ocrx_word' id='word_1_165' title='bbox 297 2643 363 2704; x_wconf 88' lang='lat' dir='ltr'><strong>hoc</strong></span> <span class='ocrx_word' id='word_1_166' title='bbox 385 2636 502 2702; x_wconf 84' lang='lat' dir='ltr'><strong>amore</strong></span> <span class='ocrx_word' id='word_1_167' title='bbox 520 2641 706 2719; x_wconf 82' lang='lat' dir='ltr'><strong>Veritatis,</strong></span> <span class='ocrx_word' id='word_1_168' title='bbox 734 2657 819 2720; x_wconf 86' lang='lat' dir='ltr'><strong>quae</strong></span> <span class='ocrx_word' id='word_1_169' title='bbox 841 2649 896 2702; x_wconf 85' lang='lat' dir='ltr'><strong>est</strong></span> <span class='ocrx_word' id='word_1_170' title='bbox 915 2641 1026 2720; x_wconf 86' lang='lat' dir='ltr'><strong>major</strong></span> <span class='ocrx_word' id='word_1_171' title='bbox 1045 2658 1144 2721; x_wconf 82' lang='lat' dir='ltr'><strong>quam</strong></span> <span class='ocrx_word' id='word_1_172' title='bbox 1166 2637 1257 2718; x_wconf 85' lang='lat' dir='ltr'><strong>Papa</strong></span> <span class='ocrx_word' id='word_1_173' title='bbox 1322 2697 1323 2702; x_wconf 73' lang='grc'>,</span> 
     </span>
    </p>
   </div>
   <div class='ocr_carea' id='block_1_9' title="bbox 89 2737 1323 2826">
    <p class='ocr_par' dir='ltr' id='par_1_11' title="bbox 89 2737 1323 2826">
     <span class='ocr_line' id='line_1_24' title="bbox 89 2737 1323 2826; baseline -0.005 -24"><span class='ocrx_word' id='word_1_174' title='bbox 89 2749 91 2760; x_wconf 89' lang='grc'><strong>’</strong></span> <span class='ocrx_word' id='word_1_175' title='bbox 193 2753 229 2802; x_wconf 81' lang='lat' dir='ltr'><strong>et</strong></span> <span class='ocrx_word' id='word_1_176' title='bbox 255 2741 460 2820; x_wconf 85' lang='lat' dir='ltr'><strong>Imperator,</strong></span> <span class='ocrx_word' id='word_1_177' title='bbox 494 2749 532 2800; x_wconf 89' lang='lat' dir='ltr'><strong>et</strong></span> <span class='ocrx_word' id='word_1_178' title='bbox 560 2759 676 2826; x_wconf 85' lang='lat' dir='ltr'><strong>omues</strong></span> <span class='ocrx_word' id='word_1_179' title='bbox 705 2737 920 2816; x_wconf 72' lang='lat' dir='ltr'><strong>cardinales,</strong></span> <span class='ocrx_word' id='word_1_180' title='bbox 953 2745 988 2798; x_wconf 89' lang='lat' dir='ltr'><strong>et</strong></span> <span class='ocrx_word' id='word_1_181' title='bbox 1013 2737 1186 2817; x_wconf 87' lang='lat' dir='ltr'><strong>Episcopi,</strong></span> <span class='ocrx_word' id='word_1_182' title='bbox 1221 2743 1256 2798; x_wconf 89' lang='lat' dir='ltr'><strong>ct</strong></span> <span class='ocrx_word' id='word_1_183' title='bbox 1322 2759 1323 2796; x_wconf 78' lang='lat'>1</span> 
     </span>
    </p>
   </div>
   <div class='ocr_carea' id='block_1_10' title="bbox 110 2833 1323 3612">
    <p class='ocr_par' dir='ltr' id='par_1_12' title="bbox 110 2833 1323 3216">
     <span class='ocr_line' id='line_1_25' title="bbox 193 2833 1254 2923; baseline -0.001 -22"><span class='ocrx_word' id='word_1_184' title='bbox 193 2840 382 2918; x_wconf 87' lang='lat' dir='ltr'><strong>Principes.</strong></span> <span class='ocrx_word' id='word_1_185' title='bbox 424 2839 469 2900; x_wconf 89' lang='lat' dir='ltr'><strong>Et</strong></span> <span class='ocrx_word' id='word_1_186' title='bbox 486 2858 569 2923; x_wconf 78' lang='lat' dir='ltr'><strong>ergo</strong></span> <span class='ocrx_word' id='word_1_187' title='bbox 592 2841 627 2898; x_wconf 89' lang='lat' dir='ltr'><strong>in</strong></span> <span class='ocrx_word' id='word_1_188' title='bbox 649 2836 902 2918; x_wconf 83' lang='lat' dir='ltr'><strong>protestatione</strong></span> <span class='ocrx_word' id='word_1_189' title='bbox 924 2856 985 2898; x_wconf 87' lang='lat' dir='ltr'><strong>sua</strong></span> <span class='ocrx_word' id='word_1_190' title='bbox 1009 2836 1117 2913; x_wconf 85' lang='lat' dir='ltr'><strong>finali,</strong></span> <span class='ocrx_word' id='word_1_191' title='bbox 1142 2833 1181 2894; x_wconf 85' lang='lat'><strong>0.</strong></span> <span class='ocrx_word' id='word_1_192' title='bbox 1205 2836 1254 2900; x_wconf 82' lang='lat' dir='ltr'><strong>iv.</strong></span> 
     </span>
     <span class='ocr_line' id='line_1_26' title="bbox 193 2933 1323 3018; baseline -0.009 -17"><span class='ocrx_word' id='word_1_193' title='bbox 193 2941 225 3001; x_wconf 90' lang='lat' dir='ltr'><strong>si</strong></span> <span class='ocrx_word' id='word_1_194' title='bbox 255 2944 407 3014; x_wconf 83' lang='lat' dir='ltr'><strong>excusat,</strong></span> <span class='ocrx_word' id='word_1_195' title='bbox 435 2957 488 3018; x_wconf 83' lang='lat' dir='ltr'><strong>se:</strong></span> <span class='ocrx_word' id='word_1_196' title='bbox 522 2937 695 3017; x_wconf 86' lang='lat' dir='ltr'><strong>Mcipsum</strong></span> <span class='ocrx_word' id='word_1_197' title='bbox 723 2933 810 2996; x_wconf 87' lang='lat' dir='ltr'><strong>duce</strong></span> <span class='ocrx_word' id='word_1_198' title='bbox 840 2933 1005 3011; x_wconf 82' lang='lat' dir='ltr'><strong>veritate,</strong></span> <span class='ocrx_word' id='word_1_199' title='bbox 1035 2941 1070 2996; x_wconf 92' lang='lat' dir='ltr'><strong>et</strong></span> <span class='ocrx_word' id='word_1_200' title='bbox 1092 2935 1166 2994; x_wconf 89' lang='lat' dir='ltr'><strong>sine</strong></span> <span class='ocrx_word' id='word_1_201' title='bbox 1190 2933 1254 2994; x_wconf 86' lang='lat' dir='ltr'><strong>ali·</strong></span> <span class='ocrx_word' id='word_1_202' title='bbox 1322 2979 1323 3016; x_wconf 18' lang='lat' dir='ltr'><strong>p</strong></span> 
     </span>
     <span class='ocr_line' id='line_1_27' title="bbox 120 3014 1323 3122; baseline -0.007 -23"><span class='ocrx_word' id='word_1_203' title='bbox 120 3100 124 3122; x_wconf 30' lang='grc' dir='ltr'>ἱ</span> <span class='ocrx_word' id='word_1_204' title='bbox 194 3037 291 3116; x_wconf 86' lang='lat' dir='ltr'><strong>cujus</strong></span> <span class='ocrx_word' id='word_1_205' title='bbox 319 3014 519 3104; x_wconf 86' lang='lat' dir='ltr'><strong>defensione</strong></span> <span class='ocrx_word' id='word_1_206' title='bbox 547 3055 609 3097; x_wconf 84' lang='lat' dir='ltr'><strong>sua</strong></span> <span class='ocrx_word' id='word_1_207' title='bbox 634 3032 785 3096; x_wconf 84' lang='lat' dir='ltr'><strong>defendi.</strong></span> <span class='ocrx_word' id='word_1_208' title='bbox 833 3030 923 3094; x_wconf 84' lang='lat' dir='ltr'><strong>Nam</strong></span> <span class='ocrx_word' id='word_1_209' title='bbox 944 3031 1141 3112; x_wconf 87' lang='lat' dir='ltr'><strong>Hieremiae</strong></span> <span class='ocrx_word' id='word_1_210' title='bbox 1164 3033 1323 3114; x_wconf 57' lang='lat' dir='ltr'><strong>vati-1</strong></span> 
     </span>
     <span class='ocr_line' id='line_1_28' title="bbox 110 3129 1323 3216; baseline -0.007 -18"><span class='ocrx_word' id='word_1_211' title='bbox 110 3178 113 3184; x_wconf 77' lang='lat'><em>‚</em></span> <span class='ocrx_word' id='word_1_212' title='bbox 194 3135 308 3197; x_wconf 76' lang='lat' dir='ltr'><strong>cirtio:</strong></span> <span class='ocrx_word' id='word_1_213' title='bbox 342 3130 553 3202; x_wconf 84' lang='lat' dir='ltr'><strong>Maledictus</strong></span> <span class='ocrx_word' id='word_1_214' title='bbox 573 3135 633 3215; x_wconf 83' lang='lat' dir='ltr'><strong>qui</strong></span> <span class='ocrx_word' id='word_1_215' title='bbox 653 3133 816 3215; x_wconf 90' lang='lat' dir='ltr'><strong>prohibet</strong></span> <span class='ocrx_word' id='word_1_216' title='bbox 840 3129 991 3216; x_wconf 78' lang='lat' dir='ltr'><strong>gladium</strong></span> <span class='ocrx_word' id='word_1_217' title='bbox 1013 3151 1110 3191; x_wconf 91' lang='lat' dir='ltr'><strong>suum</strong></span> <span class='ocrx_word' id='word_1_218' title='bbox 1134 3149 1155 3190; x_wconf 88' lang='lat' dir='ltr'><strong>a</strong></span> <span class='ocrx_word' id='word_1_219' title='bbox 1177 3149 1255 3190; x_wconf 85' lang='lat' dir='ltr'><strong>seu·</strong></span> <span class='ocrx_word' id='word_1_220' title='bbox 1321 3175 1323 3212; x_wconf 33' lang='grc' dir='ltr'><strong>ἱ</strong></span> 
     </span>
    </p>

    <p class='ocr_par' dir='ltr' id='par_1_13' title="bbox 112 3215 1323 3612">
     <span class='ocr_line' id='line_1_29' title="bbox 181 3215 1323 3317; baseline -0.008 -24"><span class='ocrx_word' id='word_1_221' title='bbox 181 3233 310 3317; x_wconf 49' lang='lat' dir='ltr'><strong>*guium</strong></span> <span class='ocrx_word' id='word_1_222' title='bbox 348 3240 385 3302; x_wconf 86' lang='lat' dir='ltr'><strong>et</strong></span> <span class='ocrx_word' id='word_1_223' title='bbox 409 3233 531 3302; x_wconf 87' lang='lat' dir='ltr'><strong>melius</strong></span> <span class='ocrx_word' id='word_1_224' title='bbox 564 3243 617 3296; x_wconf 80' lang='lat' dir='ltr'><strong>est</strong></span> <span class='ocrx_word' id='word_1_225' title='bbox 644 3230 811 3294; x_wconf 89' lang='lat' dir='ltr'><strong>incidere</strong></span> <span class='ocrx_word' id='word_1_226' title='bbox 843 3232 879 3310; x_wconf 81' lang='lat' dir='ltr'><strong>io</strong></span> <span class='ocrx_word' id='word_1_227' title='bbox 911 3247 1037 3289; x_wconf 83' lang='lat' dir='ltr'><strong>merrus</strong></span> <span class='ocrx_word' id='word_1_228' title='bbox 1065 3226 1254 3306; x_wconf 86' lang='lat' dir='ltr'><strong>hominum,</strong></span> <span class='ocrx_word' id='word_1_229' title='bbox 1321 3215 1323 3238; x_wconf 67' lang='lat'><em>⁴</em></span> 
     </span>
     <span class='ocr_line' id='line_1_30' title="bbox 112 3303 1322 3416; baseline -0.01 -22"><span class='ocrx_word' id='word_1_230' title='bbox 112 3371 113 3374; x_wconf 59' lang='lat'><em>=</em></span> <span class='ocrx_word' id='word_1_231' title='bbox 145 3329 153 3334; x_wconf 78' lang='grc'><strong>’</strong></span> <span class='ocrx_word' id='word_1_232' title='bbox 194 3351 295 3416; x_wconf 77' lang='lat' dir='ltr'><strong>quam</strong></span> <span class='ocrx_word' id='word_1_233' title='bbox 326 3331 364 3392; x_wconf 88' lang='lat' dir='ltr'><strong>in</strong></span> <span class='ocrx_word' id='word_1_234' title='bbox 394 3351 513 3400; x_wconf 85' lang='lat' dir='ltr'><strong>manus</strong></span> <span class='ocrx_word' id='word_1_235' title='bbox 539 3330 785 3412; x_wconf 87' lang='lat' dir='ltr'><strong>omnipotentis</strong></span> <span class='ocrx_word' id='word_1_236' title='bbox 815 3303 892 3390; x_wconf 87' lang='lat' dir='ltr'><strong>Dei.</strong></span> <span class='ocrx_word' id='word_1_237' title='bbox 955 3328 999 3388; x_wconf 88' lang='lat' dir='ltr'><strong>Et</strong></span> <span class='ocrx_word' id='word_1_238' title='bbox 1025 3343 1117 3410; x_wconf 79' lang='lat' dir='ltr'><strong>ergo</strong></span> <span class='ocrx_word' id='word_1_239' title='bbox 1142 3333 1253 3404; x_wconf 82' lang='lat' dir='ltr'><strong>putat,</strong></span> <span class='ocrx_word' id='word_1_240' title='bbox 1320 3323 1322 3340; x_wconf 64' lang='lat'>³</span> 
     </span>
     <span class='ocr_line' id='line_1_31' title="bbox 139 3417 1322 3512; baseline -0.01 -20"><span class='ocrx_word' id='word_1_241' title='bbox 139 3417 141 3426; x_wconf 51' lang='lat'><strong>¹</strong></span> <span class='ocrx_word' id='word_1_242' title='bbox 194 3428 287 3512; x_wconf 86' lang='lat' dir='ltr'><strong>quod</strong></span> <span class='ocrx_word' id='word_1_243' title='bbox 319 3427 440 3496; x_wconf 89' lang='lat' dir='ltr'><strong>melius</strong></span> <span class='ocrx_word' id='word_1_244' title='bbox 476 3439 528 3492; x_wconf 88' lang='lat' dir='ltr'><strong>est</strong></span> <span class='ocrx_word' id='word_1_245' title='bbox 562 3427 736 3506; x_wconf 72' lang='lat' dir='ltr'><strong>offendere</strong></span> <span class='ocrx_word' id='word_1_246' title='bbox 768 3427 891 3508; x_wconf 83' lang='lat' dir='ltr'><strong>Papam</strong></span> <span class='ocrx_word' id='word_1_247' title='bbox 928 3433 964 3486; x_wconf 90' lang='lat' dir='ltr'><strong>et</strong></span> <span class='ocrx_word' id='word_1_248' title='bbox 998 3423 1253 3511; x_wconf 83' lang='lat' dir='ltr'><strong>Impetatorem,</strong></span> <span class='ocrx_word' id='word_1_249' title='bbox 1321 3503 1322 3512; x_wconf 9' lang='grc' dir='ltr'>ἵ</span> 
     </span>
     <span class='ocr_line' id='line_1_32' title="bbox 195 3522 1322 3612; baseline -0.008 -22"><span class='ocrx_word' id='word_1_250' title='bbox 195 3549 295 3612; x_wconf 84' lang='lat' dir='ltr'><strong>quam</strong></span> <span class='ocrx_word' id='word_1_251' title='bbox 313 3525 520 3608; x_wconf 83' lang='lat' dir='ltr'><strong>Veritatem,</strong></span> <span class='ocrx_word' id='word_1_252' title='bbox 542 3527 653 3596; x_wconf 83' lang='lat' dir='ltr'><strong>idest</strong></span> <span class='ocrx_word' id='word_1_253' title='bbox 672 3525 800 3596; x_wconf 83' lang='lat' dir='ltr'><strong>Deum:</strong></span> <span class='ocrx_word' id='word_1_254' title='bbox 824 3525 904 3612; x_wconf 83' lang='lat' dir='ltr'><strong>qnia</strong></span> <span class='ocrx_word' id='word_1_255' title='bbox 924 3523 1017 3586; x_wconf 91' lang='lat' dir='ltr'><strong>Deus</strong></span> <span class='ocrx_word' id='word_1_256' title='bbox 1039 3529 1091 3584; x_wconf 90' lang='lat' dir='ltr'><strong>est</strong></span> <span class='ocrx_word' id='word_1_257' title='bbox 1110 3522 1253 3584; x_wconf 83' lang='lat' dir='ltr'><strong>veritas.</strong></span> <span class='ocrx_word' id='word_1_258' title='bbox 1321 3541 1322 3566; x_wconf 62' lang='grc' dir='ltr'><strong>ι</strong></span> 
     </span>
    </p>
   </div>
   <div class='ocr_carea' id='block_1_11' title="bbox 522 3691 927 3803">
    <p class='ocr_par' dir='ltr' id='par_1_14' title="bbox 522 3691 927 3803">
     <span class='ocr_line' id='line_1_33' title="bbox 522 3691 927 3803; baseline -0.027 -27"><span class='ocrx_word' id='word_1_259' title='bbox 522 3696 704 3803; x_wconf 77' lang='lat' dir='ltr'><strong>Septimus</strong></span> <span class='ocrx_word' id='word_1_260' title='bbox 730 3691 927 3778; x_wconf 83' lang='lat' dir='ltr'><strong>Articulus.</strong></span> 
     </span>
    </p>
   </div>
   <div class='ocr_carea' id='block_1_12' title="bbox 195 3815 1322 4016">
    <p class='ocr_par' dir='ltr' id='par_1_15' title="bbox 195 3815 1322 4016">
     <span class='ocr_line' id='line_1_34' title="bbox 276 3815 1322 3900; baseline -0.01 -12"><span class='ocrx_word' id='word_1_261' title='bbox 276 3828 379 3899; x_wconf 80' lang='lat' dir='ltr'><strong>Dixit</strong></span> <span class='ocrx_word' id='word_1_262' title='bbox 406 3825 655 3897; x_wconf 77' lang='lat' dir='ltr'><strong>Reuehlinista.</strong></span> <span class='ocrx_word' id='word_1_263' title='bbox 702 3823 920 3887; x_wconf 83' lang='lat' dir='ltr'><strong>Pfefferkorn</strong></span> <span class='ocrx_word' id='word_1_264' title='bbox 948 3823 985 3888; x_wconf 89' lang='lat' dir='ltr'><strong>in</strong></span> <span class='ocrx_word' id='word_1_265' title='bbox 1008 3815 1126 3898; x_wconf 82' lang='lat' dir='ltr'><strong>eodem</strong></span> <span class='ocrx_word' id='word_1_266' title='bbox 1149 3816 1253 3900; x_wconf 87' lang='lat' dir='ltr'><strong>libre,</strong></span> <span class='ocrx_word' id='word_1_267' title='bbox 1320 3851 1322 3864; x_wconf 46' lang='grc' dir='ltr'>ι</span> 
     </span>
     <span class='ocr_line' id='line_1_35' title="bbox 195 3918 1252 4016; baseline -0.019 -16"><span class='ocrx_word' id='word_1_268' title='bbox 195 3943 269 4000; x_wconf 67' lang='lat' dir='ltr'><strong>lint</strong></span> <span class='ocrx_word' id='word_1_269' title='bbox 297 3925 483 4016; x_wconf 70' lang='lat' dir='ltr'><strong>eodemque</strong></span> <span class='ocrx_word' id='word_1_270' title='bbox 512 3922 605 4014; x_wconf 84' lang='lat' dir='ltr'><strong>loeo,</strong></span> <span class='ocrx_word' id='word_1_271' title='bbox 639 3924 824 3996; x_wconf 81' lang='lat' dir='ltr'><strong>committit</strong></span> <span class='ocrx_word' id='word_1_272' title='bbox 847 3921 1031 3999; x_wconf 79' lang='lat' dir='ltr'><strong>haeresim,</strong></span> <span class='ocrx_word' id='word_1_273' title='bbox 1065 3918 1252 4006; x_wconf 83' lang='lat' dir='ltr'><strong>eterimen</strong></span> 
     </span>
    </p>
   </div>
   <div class='ocr_carea' id='block_1_13' title="bbox 0 0 1328 4574">
    <p class='ocr_par' dir='ltr' id='par_1_16' title="bbox 0 0 1328 4574">
     <span class='ocr_line' id='line_1_36' title="bbox 0 0 1328 4574; baseline 0 0"><span class='ocrx_word' id='word_1_274' title='bbox 0 0 1328 4574; x_wconf 95' lang='lat' dir='ltr'><strong> </strong></span> 
     </span>
    </p>
   </div>
  </div>
 </body>
</html>
