2648 4586
40 215 56 336 ’,
148 209 261 324 ’.ιι

165 450 172 470 ¹
211 428 406 516 negocium,
442 427 666 508 etssrheologi
689 429 724 488 in
748 427 894 494 Colonia
917 431 1131 506 foceruntei
1154 433 1285 512 injuri-

176 579 179 588 ,
210 550 276 610 am.
318 529 364 592 Et
381 547 445 610 per
465 527 568 606 Deos,
588 546 652 610 ego
676 529 793 606 timeo,
815 527 907 610 quod
928 528 1083 607 Ecclesia
1103 540 1227 612 potest
1248 535 1283 594 in

210 626 409 692 scandalum
435 628 571 706 venire,
615 629 646 688 si
671 629 731 689 ille
758 629 862 706 liber,
881 695 886 702 ,
905 626 1089 710 Speculum
1123 630 1285 710 oculare,

17 783 19 791 ,
126 719 129 726 i
178 773 185 779 -
209 747 281 790 non
303 727 531 806 comburitur,
558 727 640 808 quia
658 726 899 788 habetmultas
913 729 1171 808 propositiones
1191 731 1285 790 irre-

188 827 433 908 marmeians,
469 835 505 887 ot
528 835 656 888 contra
676 824 793 886 Fidem
815 823 1041 888 Catholicam.
1091 827 1135 888 Et
1156 827 1189 888 si
1213 848 1283 890 non
1320 887 1322 910 1

173 945 176 951 ·
210 926 350 1012 cogitur
378 926 437 986 ille
459 925 595 988 Jurista
616 923 659 986 ad
678 925 951 1004 revocationem,
982 933 1067 986 tnnc
1092 926 1154 1006 alii
1173 928 1283 989 etiam
1320 913 1322 934 '

208 1025 478 1088 tentabunt1sic
508 1025 663 1088 scribere
693 1024 730 1084 in
764 1021 972 1108 Theologio‚
1016 1027 1174 1106 quamvis
1210 1047 1281 1088 non
1319 1025 1322 1094 ζ

208 1125 336 1200 sciunt,
363 1116 398 1183 e't
419 1143 529 1205 neque
551 1121 763 1187 studuerunt
779 1123 816 1182 in
838 1124 897 1184 via
918 1123 1083 1201 Thomae,
1106 1143 1222 1206 neque
1245 1128 1282 1186 in

205 1224 276 1288 via
290 1222 439 1302 Alberti,
474 1241 625 1308 neque
609 1219 726 1284 Scoti:
761 1227 797 1283 et
822 1223 927 1282 etiam
947 1241 1022 1320 non
1044 1232 1125 1285 sunt
1145 1219 1300 1290 illumi?

72 1369 76 1384 ,
116 1319 119 1329 ’
208 1323 282 1384 nati
302 1323 340 1382 in
365 1321 432 1384 fide
454 1320 685 1404 pergratiam
708 1319 862 1402 Spiritus
884 1321 1007 1386 saneti.
1053 1321 1142 1404 Ouia
1169 1338 1279 1388 unus·
1319 1351 1322 1430 1

77 1493 81 1504 ¹
206 1423 353 1504 quisque
376 1419 478 1482 debet
499 1438 637 1480 manere
661 1421 697 1478 in
720 1420 886 1482 facultate
909 1439 982 1498 sua,
1019 1428 1055 1481 et
1083 1440 1154 1482 non
1175 1403 1322 1514 debet}

155 1586 157 1590 ,
205 1522 346 1583 mittere
379 1519 541 1580 falcem'
531 1538 568 1578 ιιι
606 1536 750 1578 messem
777 1517 941 1593 alterius3
979 1521 1058 1607 quia
1089 1529 1194 1581 sutor
1227 1529 1322 1584 est

206 1626 319 1696 sutor,
358 1626 395 1678 et
420 1624 537 1678 sartor
558 1625 611 1678 est
632 1625 760 1696 sartor,
799 1624 836 1678 et
864 1617 962 1678 faber
985 1627 1041 1680 est
1066 1619 1175 1696 faber.
1214 1608 1322 1688 Et

205 1736 275 1778 non
300 1722 410 1778 staret
431 1716 530 1794 bene,
563 1693 594 1798 si
616 1736 704 1778 unns
729 1726 846 1782 sartor
868 1715 976 1778 vellet
1001 1719 1117 1780 iacere
1138 1703 1274 1783 calceos
1320 1753 1322 1802 3

205 1814 264 1878 rel
290 1813 464 1876 stamulta.
521 1791 593 1878 Vos
621 1814 755 1879 debetis
791 1801 957 1877 audacter
985 1815 1193 1878 defendere
1190 1839 1273 1898 vos,
1318 1829 1322 1916 1

205 1923 252 1976 et=
263 1931 396 1976 sacram
416 1913 653 1999 Theologiam‚
676 1923 713 1976 at
727 1933 790 1998 ego
815 1915 922 1976 orabo
940 1915 1050 1976 Deum
1073 1933 1138 1996 pro
1160 1920 1272 1997 vobis,
1320 1921 1322 2000 1

186 2011 298 2096 'quod
319 2011 408 2074 velit
426 2014 525 2074 vobis
547 2014 704 2076 tribuere
722 2018 870 2098 gratiam
889 2033 996 2090 snam,
1019 2025 1054 2076 et
1075 2015 1272 2080 illuminare
1320 2023 1322 2072 i

203 2121 364 2174 vestrum
391 2111 621 2191 intellectum,
654 2114 747 2174 sicut
771 2113 857 2174 fecit
876 2114 1028 2193 antiquis
1049 2117 1209 2194 patribus
1233 2135 1272 2179 ne
1321 2149 1322 2174 1

202 2210 361 2272 diabolus
404 2210 605 2293 praevaleat
643 2232 720 2274 cum
765 2203 839 2272 suis
879 2211 1111 2274 servitoribus
1150 2225 1273 2290 contra
1320 2205 1321 2210 ἵ

156 2354 169 2404 1
203 2275 384 2390 justitiam.
440 2307 509 2386 Sed
537 2310 683 2372 scribite
715 2309 801 2370 mihi
831 2317 945 2372 tamen
974 2320 1128 2392 propter
1149 2313 1270 2392 Deum,
1311 2341 1321 2394 »3

184 2409 374 2495 quomodo
396 2409 497 2471 statis
518 2428 605 2487 vos,
633 2409 749 2476 facitis
776 2406 864 2470 mihi
890 2428 1047 2494 magnam
1066 2413 1269 2494 angustiam,
1318 2435 1321 2520 1

158 2513 329 2568 etnon
355 2506 555 2593 indigetis.
587 2505 657 2569 Sed
681 2525 746 2586 pro
770 2525 862 2570 nunc
874 2495 1089 2570 commendo
1113 2523 1178 2571 vos
1201 2509 1269 2571 Do·
1319 2501 1321 2554 i

148 2601 162 2619 “
202 2607 296 2667 mino
318 2607 406 2670 Deo.
448 2606 606 2670 Valete
594 2626 633 2666 ιιι
656 2603 809 2668 Christo.
851 2606 979 2668 Datum
990 2601 1321 2702 Francofordiae
1318 2645 1321 2698 1

1270 2733 1278 2744 ν
1319 2721 1321 2754 Ι

521 2787 952 2816 mmmmm

224 2941 406 3035 Mattheus
426 2941 756 3039 Mellilambius,S.
783 2945 830 3020 D
848 2947 898 3020 Μ
920 2943 1076 3033 Ortuino
1103 2935 1307 3045 Gratio.
1319 2943 1321 3060 1

139 3060 384 3184 Quoniam
409 3102 545 3184 quidem
569 3121 704 3186 semper
726 3103 777 3164 fui
796 3104 927 3164 amicus
950 3110 1088 3164 vestrae
1102 3085 1266 3162 domina·
1319 3133 1321 3156 2

196 3199 319 3276 tionis,
343 3208 379 3260 et
401 3202 591 3280 procuravi
614 3212 770 3264 vestrum
790 3187 935 3287 bonum:
967 3219 1052 3286 ergo
1073 3217 1165 3261 nunc
1188 3191 1320 3264 velot
1317 3215 1320 3300 1

197 3313 261 3358 vos
291 3298 328 3358 in
358 3303 486 3362 vestris
523 3300 796 3364 adversitatibus
831 3301 1003 3378 gavisare,
1050 3308 1086 3359 ct
1114 3293 1242 3367 volo
1231 3317 1266 3356 ιιι
1316 3295 1320 3672 1

196 3403 316 3456 vestra
344 3398 488 3458 fortuna
515 3417 588 3458 esse
620 3397 742 3476 laetus,
782 3399 879 3460 etin
912 3397 1109 3465 infortunio
1139 3395 1265 3456 tristis:

138 3537 167 3587 1
196 3495 278 3572 quia
305 3513 368 3556 vos
394 3497 486 3559 estis
499 3496 629 3556 amicus
651 3515 759 3575 meus,
796 3505 833 3559 et
861 3515 939 3558 cum
967 3497 1087 3557 amicis
1109 3493 1265 3556 debemus

195 3610 275 3653 esse
301 3592 398 3676 laeti,
434 3593 578 3680 qnando
602 3593 791 3674 laetantur,
835 3604 871 3657 et
897 3593 1103 3657 contristari
1133 3345 1320 3673 quandoi

195 3691 396 3766 tristantur,
418 3700 458 3752 ut
480 3693 605 3753 scribit
628 3691 778 3770 Tullius,
808 3693 965 3776 quamvis
987 3701 1040 3753 est
1059 3690 1210 3756 Gentilis
1231 3697 1265 3750 st

195 3787 313 3846 Poeta.
381 3771 495 3874 Igitur
529 3792 713 3851 manifesto
751 3793 861 3872 vobis,
910 3790 1007 3907 quod·
1036 3791 1095 3851 hic
1134 3788 1263 3850 habetis

194 3905 301 3954 ιιιιιιιιι
330 3884 508 3948 inimicum
545 3887 645 3950 valde
679 3890 903 3995 malitiosum,
949 3891 1009 3970 qui
1042 3888 1130 3952 dicit
1159 3886 1263 3949 multa
