2648 4586
150 177 155 198 ,

62 251 192 322 ,ιι

146 431 281 514 Recte,
289 437 324 490 et
346 429 488 512 scripsit
511 427 614 513 etiam
621 435 757 507 metra,
778 435 813 488 et
835 425 950 492 uoluit
968 426 1084 510 legere
1105 434 1227 486 artem

147 525 445 614 npetrificandi‚e
428 537 579 620 etnon
576 528 643 598 fnit
662 524 875 616 intitulatus.
923 525 1057 588 Tunc
1046 523 1224 604 ipseMa-
1260 592 1261 600 ἵ

148 633 303 736 gister
282 635 401 692 noster
423 609 612 716 Hecbman
631 624 813 706 probibuit
835 625 905 698 ei,
914 633 950 684 et
978 625 1050 704 ipse
1079 625 1147 683 fuit
1170 623 1224 682 ita

148 705 381 819 praetensus,
400 721 522 817 quod
520 719 610 784 nori
606 723 732 786 voluit
759 741 884 810 curare
912 722 1110 785 mandatum
1132 724 1223 802 ejus.

149 829 257 907 Tunc
273 809 402 888 Rector
422 821 604 916 probibuit
622 822 822 904 suppositis,
849 821 942 912 quod
960 842 1030 908 non
1053 820 1226 896 deberent

89 939 99 1001 ᾗ
150 929 298 994 visitare
322 924 394 1002 ejus
423 921 620 1014 lectionem.
672 921 772 982 Ἱιιιιο
805 921 864 1007 ille
887 901 1050 997 Ribaldus
1074 921 1227 982 accessit

115 1008 121 1021 ’
150 1026 347 1099 Rectorem,
379 1027 415 1079 et
435 984 523 1078 dixit
546 1019 590 1077 ei
600 1017 708 1080 multe
730 1020 877 1096 superbe
899 1019 1005 1099 dicte,
1040 1028 1076 1081 et
1099 1021 1226 1083 tibisa-

151 1125 206 1188 vit
233 1142 322 1230 eum.
372 1114 511 1178 Tunc
490 1135 582 1214 epse
603 1117 700 1196 misit
724 1136 788 1197 pro
819 1118 956 1194 famulis
980 1120 1149 1198 eivitatis,
1188 1129 1227 1180 et

52 1220 58 1228 ’
128 1221 268 1295 ζιοΙιιίι
287 1238 364 1280 eum
385 1191 623 1314 incarcerare,
643 1217 723 1298 quia
744 1215 812 1277 suit
834 1236 992 1308 magrnum
1008 1217 1225 1294 scandalum,

107 1386 110 1396 ‚
153 1317 257 1404 quod
273 1314 417 1396 simplex
442 1314 557 1376 socius
577 1298 720 1378 deberet
741 1315 884 1379 tibisere
910 1335 1016 1378 unum
1036 1315 1225 1388 Rectorem

151 1415 414 1491 Universitatis,
455 1415 514 1496 qui
550 1425 602 1475 est
626 1413 799 1498 Magister
824 1421 974 1492 noster,
990 1424 1025 1476 et
1053 1436 1131 1476 cum
1154 1415 1224 1476 hoc
1271 1411 1274 1414 ’

153 1537 214 1598 ego
240 1513 357 1590 audio,
395 1511 495 1606 quod
516 1512 575 1572 ille
597 1515 712 1580 socius
746 1532 856 1604 neque
885 1522 937 1574 est
955 1513 1225 1605 Baccalaurius,

51 1641 55 1646 ¹
107 1662 115 1682 ι
153 1634 265 1696 neque
286 1612 470 1695 Magister,
498 1632 561 1672 nec
583 1621 637 1684 est
658 1613 774 1692 aliquo
798 1595 900 1672 niodo
922 1594 1162 1703 qualificatus
1161 1633 1226 1675 seu

154 1713 355 1799 graduatus,
401 1718 436 1768 et
469 1711 613 1772 incessit
641 1713 733 1774 sicut
762 1711 922 1789 bellator,
968 1712 1025 1776 vel
1057 1714 1116 1793 qui
1145 1713 1226 1774 vult

31 1793 32 1801 ἵ
83 1855 86 1862 ,
155 1810 331 1901 ambulere
368 1807 410 1866 ad
445 1807 585 1890 bellurn,
610 1819 664 1900 ¹et
699 1810 819 1874 babuit
855 1811 1048 1895 pileumet
1083 1810 1227 1894 longum

158 1901 310 1972 cultrum
336 1908 372 1969 in
397 1906 518 1968 latere.
569 1907 637 1970 Sed
665 1928 727 1988 per
750 1909 841 1973 Deos
869 1912 941 1989 ipse
964 1911 1085 1971 fuisset
1109 1905 1225 1972 incarss

159 2015 321 2084 ceratus,
355 2007 384 2064 si
421 2025 490 2066 non
526 2007 702 2066 habuisset
730 2017 831 2066 notos
862 2007 898 2082 in
932 2009 1086 2072 ciuitate
1152 2004 1224 2092 Ego
1293 2014 1299 2052 .·

159 2105 260 2177 doieo
290 2105 434 2164 maxime
468 2107 498 2164 si
529 2115 581 2170 est
610 2121 744 2182 verum,
790 2104 881 2184 quod
914 2105 974 2166 ille
1002 2107 1061 2168 vir
1085 2115 1138 2166 est
1166 2106 1226 2167 de

159 2189 321 2278 iunctus,
357 2204 436 2282 quia
476 2205 561 2265 fecit
592 2204 677 2264 mihi
714 2203 823 2265 multa
859 2206 959 2281 bono,
1001 2203 1137 2286 quando
1174 2207 1227 2268 tui

159 2300 336 2366 Viennae·
356 2310 391 2378 et
411 2311 598 2382 propterea
619 2303 738 2364 fecici
759 2289 979 2384 Epitaphium
1003 2303 1089 2364 tele·
1135 2338 1138 2350 ·

214 2477 268 2550 Qui
286 2480 361 2545 jacet
380 2481 409 2531 in
428 2482 559 2545 tumulis,
578 2479 664 2537 fuit'
657 2480 796 2538 inimicus
816 2481 919 2544 Poetis,

214 2567 254 2620 Et
271 2566 368 2622 voluit
386 2583 432 2618 eos
450 2571 606 2638 expellere,
624 2567 741 2636 qnando
754 2569 914 2619 voluerunt
930 2566 980 2619 hic
993 2566 1174 2638 practicare·

197 2652 301 2734 ‘Sicut
316 2669 412 2721 nuper
429 2671 505 2706 nnus
524 2654 627 2716 socius,
645 2655 697 2720 qui
715 2669 775 2706 non
793 2653 851 2707 tuit
869 2653 1050 2717 intitulatus?

188 2735 192 2740 ’
214 2730 358 2791 Veniens
369 2756 404 2793 ex
422 2736 567 2803 Moravia,
590 2749 619 2791 et
638 2739 743 2790 decens
761 2741 859 2790 facere
877 2750 984 2802 metro:

78 2867 82 2874 .
157 2829 159 2832 ’
216 2827 307 2893 Quem
328 2824 423 2878 voluit
440 2823 636 2886 incarcerare,
654 2833 777 2893 propter
797 2841 881 2876 sunm
900 2826 1035 2878 tibisare:

216 2911 272 2966 Sed
290 2911 360 2980 quia
378 2926 457 2962 nunc
475 2920 518 2964 est
534 2921 678 2974 mortuus,
688 2929 690 2936 ’
701 2909 741 2974 ιιι
752 2909 1031 2982 Viennasepultus:
1047 2939 1051 2949 ι

216 2995 328 3052 Diceris.
346 2997 392 3054 bisv
408 2997 520 3052 veltet
536 3012 591 3070 pro
611 3011 655 3060 eo,
674 2997 757 3050 Pater
776 3007 883 3052 noster.

247 3185 327 3250 Fuit
354 3165 417 3252 bic
439 3185 598 3263 nuncius,
638 3188 698 3272 qui
729 3185 886 3267 portavit
906 3204 1009 3264 nove,
1043 3195 1235 3266 quaesunt

158 3282 266 3360 male,
297 3285 327 3342 si
350 3289 431 3343 sunt
452 3304 548 3364 vera,
587 3285 678 3366 quod
698 3304 799 3348 cause
825 3295 943 3346 vestra
965 3304 1033 3354 non
1056 3287 1141 3346 bene
1162 3295 1234 3346 stat
1293 3272 1297 3280 ’

166 3384 203 3467 in
227 3382 333 3452 Ouria
354 3381 515 3458 Romana,
538 3381 676 3466 sedego
698 3404 766 3444 non
790 3381 912 3444 credo:
933 3383 1012 3464 quia
1032 3384 1093 3442 isti
1112 3384 1233 3444 nuncii

149 3473 289 3547 ¹dicunt
305 3481 409 3544 etiam
430 3480 538 3542 multa
556 3481 744 3560 mendacia,
765 3481 891 3541 Poetae
914 3483 998 3542 bene
1013 3490 1232 3542 murmurant

166 3579 377 3660 hiccontra
409 3598 486 3655 vos,
528 3589 564 3642 et
594 3580 725 3651 dicunt,
765 3577 857 3660 quod
890 3580 1015 3642 volunt
1049 3579 1234 3640 defendere

163 3681 362 3758 Ductorem,
386 3676 555 3741 Reuchlin
587 3699 664 3738 cum
693 3679 763 3740 suis
797 3677 1019 3756 carminibus,
1066 3675 1125 3738 sed
1154 3678 1235 3758 qnia

34 3807 36 3818 ·
95 3806 97 3814 ⁴
168 3799 231 3843 vos
261 3780 365 3839 etiem
394 3779 476 3837 estis
502 3775 625 3852 Poeta,
663 3776 798 3856 querrdo
822 3775 943 3854 ruitis,
981 3775 1100 3852 credo,
1144 3774 1235 3858 quod

167 3877 458 3988 benelmenebitis
481 3895 563 3960 prae
586 3877 680 3956 ipsis.
729 3875 859 3938 Tamen
887 3875 1019 3936 debetis
1041 3875 1127 3936 mibi
1148 3873 1234 3935 scri·
1289 3861 1308 3961 '.
