2626 4580
233 265 314 374 ιιι

250 522 300 598 Μ.
336 487 534 616 Stephanus
547 491 839 616 ‘llornedelantia
880 515 928 588 Μ.
957 513 1110 592 Ortuino
1137 517 1270 620 Gratio

512 679 528 690 ··
614 717 620 738 ι
673 634 837 706 salutem.
908 659 911 666 ⁴
1270 671 1278 680 ·

213 751 419 856 Celeriter,
439 844 443 854 .
456 792 526 855 ιιοιι
561 773 654 834 iacto
688 771 922 862 praeambulo,
956 759 1085 848 habedt
1100 773 1288 836 dominatio

114 909 118 918 ,
224 884 342 938 vestra
362 849 483 949 scire,¹
500 869 671 950 quomodo
694 873 835 932 noviter
862 873 961 932 venit
980 871 1049 934 huc
1076 893 1167 934 uuus
1194 873 1287 945 Dect,

224 972 447 1051 Theologiae,
473 971 533 1050 qui
559 978 708 1030 vocatur
728 961 896 1032 Murnex':
924 971 998 1048 ipse
1019 980 1073 1032 est
1094 970 1136 1034 de
1160 971 1284 1032 Ordine

224 1073 258 1136 S.
283 1071 470 1146 Francisoi,
503 1079 539 1129 et
563 1077 622 1129 est
634 1067 886 1147 Superiorista,
914 1077 950 1130 et
970 1073 1226 1152 praesupponit
1246 1074 1284 1132 ita

221 1171 340 1248 multa,
369 1163 462 1262 quod
486 1185 555 1228 non
579 1164 736 1227 creditis.
780 1167 912 1228 Dicunt
937 1166 1030 1247 quod
1052 1170 1140 1230 facit
1161 1180 1283 1244 cartas,

221 1279 256 1331 et
278 1269 336 1350 qu'i
358 1241 516 1331 ludunt*
504 1287 539 1328 ιιι
561 1267 633 1326 illis
658 1265 777 1340 cartis,
799 1264 940 1326 discunt
961 1257 1235 1330 Glammaticam
1257 1278 1284 1330 et

219 1370 394 1453 Logicam.
427 1363 488 1426 Et
518 1365 713 1445 composuit
741 1383 847 1424 unum
874 1361 993 1427 ludum
1012 1367 1118 1444 scaci,
1155 1368 1195 1426 iu
1224 1387 1283 1448 qno
1311 1399 1312 1406 ι

218 1467 633 1547 trahuntur-quantitates
654 1461 876 1555 syllabarum.¹
910 1463 958 1534 Et
973 1463 1175 1544 praetendit
1197 1468 1282 1526 scire

216 1565 443 1640 Hebraicum,
484 1569 520 1622 ot
542 1561 727 1640 componit
760 1579 883 1622 versus
910 1562 948 1624 in
977 1562 1190 1624 Teutonico.
1246 1565 1282 1624 Et
1310 1645 1312 1652 ι

217 1661 310 1724 dixit
323 1661 411 1724 mihi
431 1677 535 1735 unus,
554 1658 646 1739 quod
666 1659 754 1719 talis
763 1659 928 1720 [lector
916 1679 954 1720 ιιι
973 1661 1147 1734 cunibus,
1151 1665 1281 1724 artibus

136 1737 139 1756 ι
216 1762 285 1823 scit
314 1757 457 1841 aliquid.
514 1753 614 1820 Tunc
650 1775 714 1842 ego
744 1756 900 1835 eudicus,
932 1741 1024 1820 dixi·
1059 1761 1095 1820 in
1126 1733 1312 1828 οιιιιιίιιιιιι

122 1857 126 1870 “
177 1874 180 1885 “
216 1857 379 1940 aliquid,
396 1859 433 1918 iu
461 1863 538 1920 toto
568 1855 666 1918 nihil.
716 1856 759 1916 Et
783 1863 958 1918 steterunt
985 1859 1036 1918 ibi
1065 1857 1190 1938 aliqui,
1228 1861 1311 1941 qui
1310 1875 1312 1928 ι

216 1958 382 2018 riserunt.
425 1957 487 2017 Est
508 1966 622 2020 autern
642 1955 701 2018 ille
715 1953 851 2024 Ductor
868 1973 1012 2040 magnus
1033 1957 1165 2018 amicus
1184 1957 1311 2019 Joan.

169 2099 172 2107 .
215 2053 344 2116 Reuch.
387 2047 554 2142 Diabolus
585 2051 775 2121 confundat
803 2071 890 2130 eum.
939 2053 1031 2138 Ego
1040 2054 1160 2131 timeo,
1193 2057 1312 2136 quod
1309 2025 1312 2100 l

215 2153 321 2216 faciet
340 2152 398 2217 hic
418 2173 498 2228 cum
522 2153 706 2215 (laconicis
731 2160 767 2211 et
787 2150 866 2214 aliis
885 2149 1043 2228 Clericis,
1063 2153 1156 2233 quod
1180 2167 1312 2217 erunt
1309 2135 1312 2202 l

213 2270 297 2332 pro
294 2251 480 2314 Reuehlin
522 2247 624 2318 Dixit
649 2269 763 2349 nuper
786 2249 905 2312 multis
926 2249 1160 2329 audientibus,
1192 2254 1312 2334 quod

213 2369 302 2412 unus
323 2366 413 2432 puer
430 2358 552 2430 potest
571 2368 781 2433 cognoscere
811 2348 1010 2428 stultitiam,
1043 2357 1080 2410 et
1101 2352 1275 2430 fantasias,
1309 2397 1311 2472 ι

56 2507 59 2514 ι
109 2462 112 2478 ’
213 2455 248 2512 et
283 2448 432 2509 malitias
461 2443 721 2530 Theologorum
753 2446 1025 2524 coloniensium,
1071 2448 1108 2508 e't
1137 2465 1311 2538 suorum

210 2541 484 2607 cohaerentium.
515 2545 569 2604 Et
593 2543 790 2624 juravitad
812 2541 1166 2628 sanctasanctorum,
1189 2550 1310 2640 quod
1308 2549 1310 2606 l

115 2620 118 2632 ¹
211 2643 279 2703 nisi
300 2642 419 2726 Papa
410 2636 535 2704 habeat
556 2641 822 2720 advertentIam,
845 2647 880 2702 et
899 2642 1054 2727 corrigat
1072 2663 1131 2705 eos
1147 2646 1198 2714 de
1220 2649 1273 2710 illa
1309 2665 1310 2710 ι

167 2809 169 2816 ι
210 2731 456 2819 perversitate,
493 2739 585 2821 quod
612 2742 681 2802 erit
710 2733 896 2803 schisma
885 2761 921 2799 ιιι
950 2741 1104 2804 Ecclesia
1134 2754 1171 2806 et
1198 2747 1309 2810 Fide

211 2825 419 2900 Christiana
469 2839 558 2920 Quia
580 2841 610 2899 si
635 2839 724 2920 Papa
746 2840 921 2920 permittit
942 2839 1020 2899 illos
1043 2843 1158 2903 facere
1181 2847 1309 2924 talia}

140 2953 151 2965 ·
184 2918 189 2924 ’
209 2949 310 2996 nemo
331 2946 460 3014 postea
470 2935 646 3016 studebit,
669 2948 704 2998 et
728 2921 839 2998 nemi»
849 2939 1019 3020 cogitabit
1039 2939 1119 3000 fieri
1140 2941 1309 3005 doctus

204 3033 253 3102 'Et
282 3052 387 3113 super
417 3035 483 3096 boc
518 3036 619 3113 dixit,
667 3035 759 3116 quod
792 3035 962 3098 Reucblin
996 3056 1065 3098 uno
1103 3038 1161 3100 die
1200 3043 1272 3123 plus

198 3136 324 3209 *potest
344 3131 509 3212 prodesse
528 3131 703 3196 Ecclesiae
723 3133 810 3212 Dei,
832 3123 931 3214 quedl
953 3135 1013 3194 isti
1039 3137 1176 3200 inimici
1203 3145 1271 3221 ejus

196 3219 244 3287 iti
267 3237 406 3290 centum
436 3232 545 3292 anuis.
608 3233 652 3294 Et
679 3233 783 3312 dixit,
828 3235 862 3294 'si
887 3242 969 3294 sunt
996 3235 1078 3296 boni
1102 3247 1165 3299 eut
1186 3242 1272 3302 recti

197 3325 323 3403 utri„
348 3328 408 3388 nel
443 3328 571 3390 habent
607 3333 732 3410 justam
765 3351 901 3393 causam
935 3342 1059 3394 contra
1090 3335 1268 3416 lleuchlin,

209 3443 313 3502 quere
343 3444 411 3485 non
439 3438 545 3510 agtxnt
565 3449 628 3509 per
649 3434 707 3490 se?
744 3431 858 3512 Quare
887 3447 950 3511 per
977 3433 1190 3512 baptizatum
1210 3437 1268 3498 Ju-
1296 3430 1298 3441 '

206 3519 328 3582 dacum
352 3524 473 3584 volunt
494 3527 655 3606 expedire
681 3531 820 3613 negotia
842 3533 925 3590 sua?
946 3531 990 3591 Et
1010 3533 1146 3594 faciunt
1164 3535 1267 3598 libros
1289 3599 1290 3602 ,

206 3620 493 3686 scandalizativos
529 3633 654 3686 contra
688 3627 792 3708 illurn
823 3628 948 3688 bonum
984 3628 1188 3709 Doctorem,
1237 3642 1267 3694 et

204 3717 406 3781 adscribunt
427 3741 486 3782 eos
507 3721 588 3783 huic
610 3727 789 3786 trufatori.
821 3725 859 3788 Si
883 3738 973 3788 esset
994 3730 1095 3808 pejor
1113 3738 1150 3790 et
1168 3731 1288 3814 male,

204 3814 334 3878 dietior
356 3818 456 3880 homo
479 3839 540 3900 per
562 3832 668 3882 totam
692 3825 893 3903 Almaniam,
924 3828 992 3906 ipsi
1013 3830 1120 3888 etiam
1143 3831 1264 3888 socias-

203 3922 279 3974 sent
306 3917 372 3978 sibi
402 3936 490 3981 eum.
521 3919 614 3980 xSed
643 3941 711 3980 non
746 3931 799 3983 est
826 3927 968 3986 mirum:
999 3927 1098 4014 ¹Quia
1129 3927 1263 3988 sclllim-
