2648 4574
97 321 104 338 ι
160 237 387 383 4212'

188 485 192 492 -
226 448 352 532 animia
379 444 526 508 Domine
558 420 730 530 Magister
764 455 913 513 nosterv
953 447 996 510 Its
1032 435 1169 528 quando
1206 462 1295 532 uuus

164 619 166 627 Α
225 549 396 631 Magister
430 553 550 606 noster
587 529 716 618 transit
740 528 1011 628 ,penetratum
1054 527 1137 608 tunc
1174 565 1293 606 omnes

159 671 162 678 ¹
192 697 199 705 .
223 647 397 708 honorant
426 663 515 720 eum,
537 713 541 722 ³
563 643 656 702 sicut
685 644 715 702 si
745 646 892 722 venerit.
910 664 998 706 unus
1025 645 1211 734 Princeps:
1251 645 1291 708 Et

142 755 177 780 “·
221 746 367 806 merito:
405 744 493 804 Ouia
521 740 613 825 Mag.
647 743 761 802 nostri
793 751 875 806 sunt
898 743 992 816 sicut
1019 728 1183 832 Apostoli
1209 743 1289 802 Dei.

221 842 280 911 ¹Sio
310 861 374 904 vos
404 843 440 900 in
471 839 626 921 Epistola
654 849 783 908 vestra
803 843 958 906 scribitis
989 843 1073 904 mihi
1104 841 1287 934 inagnalia.

221 939 288 1007 Sed
312 959 374 1024 ego
396 941 521 1003 tenebo
545 939 643 1002 vobis
671 939 881 1024 oppositum,
918 938 1064 1004 dicendo
1086 939 1188 1020 quod
1206 941 1286 1001 hene

219 1050 272 1104 est
295 1041 360 1102 hoc
387 1057 509 1098 verum
535 1035 713 1122 Coloniae,
747 1057 816 1098 non
834 1049 964 1130 autem
982 1038 1075 1100 alibi.
1119 1037 1164 1096 Et
1182 1057 1285 1118 prae-

200 1129 319 1220 'cipue
351 1138 409 1198 hic
447 1136 483 1196 in
515 1136 630 1218 patria
668 1153 754 1207 mea
780 1106 964 1218 Magistri
980 1137 1091 1196 nostri
1126 1129 1232 1220 relig'
1202 1137 1284 1196 ‹riosi

118 1258 125 1284 ι
216 1237 344 1300 habent
368 1226 501 1296 nullum
528 1234 708 1326 honorem,
744 1243 779 1305 et
808 1233 975 1299 Canonici
1006 1244 1053 1296 et
1070 1233 1283 1296 Nobilitates

214 1326 360 1396 multum
381 1315 640 1414 parvipendunt
661 1349 737 1398 eos.
775 1331 843 1396 Sed
859 1331 1040 1400 Secularet
1063 1334 1150 1394 bene
1172 1333 1286 1394 adhuc

149 1519 154 1526 .
215 1405 341 1498 habent
368 1431 550 1520 honorem,
584 1438 621 1518 et
646 1439 729 1491 sunt
755 1430 792 1490 in
814 1440 986 1509 respectu.
1032 1433 1074 1493 Et
1097 1431 1280 1518 humide-

213 1539 274 1594 tur
298 1522 384 1594 mihi
408 1529 601 1614 indignum,
639 1529 721 1612 quia
747 1527 915 1613 Religioni
947 1529 1113 1604 deberent
1146 1549 1279 1612 semper

30 1617 57 1628 '¹
136 1691 147 1712 ,
211 1629 338 1693 habere
359 1632 510 1710 primum
530 1627 659 1705 locum,
687 1627 767 1708 quia
789 1636 870 1690 sunt
890 1630 998 1712 magis
1023 1627 1225 1708 clericales,
1247 1638 1278 1689 et

210 1747 352 1810 semper
386 1729 592 1812 religiosum,
634 1724 746 1809 quoad
774 1726 1045 1818 coelestitatem,
1087 1736 1140 1788 est
1175 1747 1276 1810 super

208 1827 400 1901 secularem
422 1825 599 1896 clericum.
643 1825 732 1886 Ouia
755 1825 910 1904 religiosi
939 1835 1021 1888 sunt
1042 1828 1115 1907 apti
1139 1829 1217 1886 nati
1237 1823 1275 1886 ad

208 1923 500 2003 personandum
489 1946 526 1984 iu
551 1921 684 1986 divinis
713 1923 879 1988 laudibus
894 1923 976 2008 all„
959 1925 1103 1984 eloi-ism
1127 1924 1206 2002 Dei,
1243 1933 1273 1985 et
1318 1967 1319 1972 ι

208 2042 289 2086 suae
319 2019 355 2086 S.
386 2022 512 2086 Matris
542 2007 702 2108 Virginis
730 2021 865 2084 Mariae
894 2042 1031 2102 semper
1059 2022 1270 2100 benedictae,

162 2187 164 2196 ,
207 2130 243 2182 et
268 2120 311 2182 ed
333 2119 479 2204 gloriam
505 2123 658 2182 omnium
678 2107 878 2192 sanctorum
900 2131 936 2180 et
963 2130 1162 2183 sanctarum
1185 2138 1269 2181 mar-

139 2231 141 2240 ’
206 2227 352 2300 tyrum
353 2213 591 2283 confusiorum
616 2228 681 2282 etc
732 2218 823 2304 Ergo
856 2205 998 2291 videtur
1020 2221 1106 2282 mihi
1129 2239 1270 2303 magnus

205 2336 319 2398 error,
357 2317 448 2400 quod
471 2318 548 2400 plns
574 2316 750 2379 honorant
770 2319 926 2381 homines
949 2320 1133 2397 seculares,
1173 2339 1270 2398 quam

203 2419 398 2504 religiosos.
462 2418 575 2478 Etiam
615 2417 790 2513 seculares
832 2415 1018 2502 Theologi
1042 2420 1079 2478 in
1113 2418 1317 2498 partibus

141 2526 144 2540 '
202 2515 465 2596 superioribus
478 2513 654 2602 incipiunt
692 2535 764 2576 esse
797 2518 950 2608 superbi,
993 2525 1029 2580 et
1063 2524 1145 2578 sunt
1174 2516 1269 2596 quasi
1315 2531 1316 2534 ¹

153 2645 158 2660 .
202 2622 326 2674 contra
351 2612 570 2697 religiosos,
584 2631 663 2673 cum
691 2622 806 2678 tamen
834 2617 902 2696 ipsi
929 2625 1010 2677 sunt
1031 2615 1108 2695 plus
1133 2613 1267 2676 mundi·
1310 2613 1315 2684 ι’

200 2710 291 2789 ales,
315 2719 351 2774 et
371 2720 470 2772 tanto
500 2709 575 2791 plus
605 2711 732 2772 remoti
763 2731 784 2771 a
809 2733 917 2793 regno
941 2715 1130 2778 coelorum.
1179 2713 1269 2794 Quia

119 2841 129 2856 ν
200 2825 264 2874 vos
291 2811 390 2874 scitis
414 2809 510 2890 quod
535 2807 697 2872 Christus
717 2808 823 2872 dixits
840 2853 844 2860 -
859 2814 1014 2894 Vosqui
1042 2813 1156 2874 secuti
1182 2815 1266 2874 estis
1311 2807 1313 2832 ¹

198 2930 265 2988 me,
288 2905 482 2975 sedebitis'
473 2927 578 2986 super
597 2907 708 2987 sedes,
730 2909 924 2989 judicantes
945 2910 1126 2985 duodecim
1147 2911 1266 2973 tribus

197 2987 317 3070 lsrael.
366 3006 434 3070 Sed
464 3003 636 3092 religiosi
654 3001 875 3123 reliqu'er'urit
903 3013 1112 3102 patrimonia
1141 3026 1205 3072 sua
1233 3019 1265 3072 et

102 3107 118 3184 J
198 3107 313 3168 omnia
342 3102 444 3184 bona,
471 3115 540 3180 Ἷιι
555 3113 646 3178 sunt
670 3108 822 3187 spreti
811 3130 847 3170 ιιι
885 3109 1047 3190 mundo,
1067 3129 1152 3196 ergo
1186 3118 1265 3170 sunt

126 3270 134 3286 Ι
197 3206 349 3284 proximi
364 3203 406 3265 ad
427 3223 573 3290 reguum
586 3206 775 3272 coelorum
819 3208 863 3270 ιιι
879 3211 1030 3291 parcatis
1052 3206 1151 3290 ιιιιιιί,
1173 3205 1262 3288 qnod

124 3295 128 3316 ‘
196 3303 312 3363 scribo
332 3301 417 3364 talia
440 3303 481 3366 de
505 3304 693 3390 'I'heologis
713 3306 939 3400 secularibus,
975 3327 1053 3397 cum
1074 3324 1137 3366 vos
1160 3307 1261 3368 etiam

146 3424 151 3453 ι
196 3398 279 3461 estis
302 3419 402 3464 unus.
445 3401 512 3466 Sed
532 3411 586 3465 est
607 3404 712 3466 aliter
733 3405 945 3485 Coloniae,
932 3407 992 3468 ubi
1014 3412 1096 3466 sunt
1116 3403 1261 3478 humiles

196 3505 231 3558 et
251 3501 502 3565 reverentiales
521 3521 604 3586 erga
619 3503 816 3586 religiosos
860 3504 905 3567 Et
925 3505 1029 3565 etiam
1050 3523 1126 3583 vos,
1151 3499 1262 3584 quoad

114 3626 118 3632 ·
195 3595 426 3677 nelositateni,
447 3602 529 3662 estis
551 3601 747 3684 religiosus,
779 3597 860 3684 quia
885 3585 1023 3675 dixistis
1045 3604 1131 3664 mihi
1157 3602 1261 3664 semel

98 3693 102 3698 “
194 3694 378 3772 Coloniae.
405 3698 553 3758 Domine
575 3698 678 3776 Otho,
712 3719 775 3784 ego
798 3699 903 3761 credo
928 3691 1020 3794 quod
1043 3701 1156 3772 adhuc
1178 3701 1259 3764 volo

192 3791 271 3853 fieri
295 3791 488 3856 Monachus
513 3793 554 3858 de
583 3805 701 3858 vestro
725 3797 867 3876 Ordine,
893 3799 981 3894 quia
1003 3775 1115 3868 lissei
1135 3801 1259 3862 bonam

191 3890 466 3954 inclinationem.
509 3893 552 3955 Et
577 3913 657 3974 crgo
680 3897 796 3980 scribo
819 3883 919 3962 iobis
932 3882 1133 3981 socialiter:
1169 3900 1258 3960 Ouia
